% BibTeX bibliography file

@Book{Ait86,
  author = {Aitchison, John},
  title = {The Statistical Analysis of Compositional Data},
  year = {1986},
  series = {Monographs on Statistics and Applied Probability},
  publisher = {Chapman \& Hall Ltd., London (UK)},
  address = {London (UK)}
}

@Article{Bill01,
  author = {Billheimer, D. and Guttorp, P. and Fagan, W.},
  title = {Statistical Interpretation of Species Composition},
  journal = {Journal of American Statistics Association},
  year = {2001},
  volume = {96},
  pages = {1205--1214}
}

@Article{Burt:1948,
  author = {Cyril Burt},
  title = {The Factorial Study of Temperamental Traits},
  journal = {British Journal of Statistical Psychology},
  year = {1948},
  volume = {1},
  pages = {178--203}
}

@Article{Carroll:1970,
  author = {Carroll, J.D. and Chang, J.},
  title = {Analysis of Individual Differences in Multidimensional Scaling via
  an N-way Generalization of Eckart-Young Decomposition},
  journal = {Psychometrica},
  year = {1970},
  volume = {35},
  number = {3},
  pages = {283--319}
}

@Article{Ego03,
  author = {Egozcue, J. J. and Pawlowsky-Glahn, V. and Mateu-Figueras, G. and
  Barcel\'o-Vidal, C.},
  title = {Isometric Logratio Transformations for Compositional Data Analysis},
  journal = {Mathematical Geology},
  year = {2003},
  volume = {35},
  pages = {279--300}
}

@Article{Ego05,
  author = {Egozcue, J. J. and Pawlowsky-Glahn, V.},
  title = {Groups of Parts and Their Balances in Compositional Data Analysis},
  journal = {Mathematical Geology},
  year = {2005},
  volume = {37},
  pages = {795--828}
}

@Article{Ego06,
  author = {Pawlowsky-Glahn, Vera and Egozcue, Juan Jose},
  title = {Exploring Compositional Data with the {CODA}-Dendrogram},
  journal = {Austrian Journal of Statistics},
  year = {2016},
  volume = {40},
  number = {1 \& 2},
  pages = {103--113}
}

@Article{Engelen11,
  author = {Engelen, S. and Hubert, M.},
  title = {Detecting Outlying Samples in a Parallel Factor Analysis Model},
  journal = {Analytica Chemica Acta},
  year = {2011},
  volume = {705},
  pages = {155--165}
}

@Article{Engelen:2007,
  author = {Engelen, S. and Frosch-M{\o}ller, S. and Hubert, M.},
  title = {Automatically Identifying Scatter in Fluorescence Data Using Robust
  Techniques.},
  journal = {Chemometrics and Intelligent Laboratory Systems},
  year = {2007},
  volume = {86},
  pages = {35--51}
}

@Article{Engle13,
  author = {Engle, M. A. and Gallo, M. and Schroeder, K. T. and Geboy, N. J.
  and Zupancic, J. W.},
  title = {Three-way Compositional Analysis of Water Quality Monitoring Data},
  journal = {Environmental and Ecological Statistics},
  year = {2013},
  pages = {1-17},
  publisher = {Springer Verlag}
}

@TechReport{Harshman:1970,
  author = {Harshman, Richard A},
  title = {Foundations of the {PARAFAC} Procedure: {M}odels and Conditions for an
  ''Explanatory`` Multi-modal Factor Analysis.},
  journal = {UCLA Working Papers in Phonetics, University of California, Los
  Angeles},
  year = {1970},
  number = {10},
  pages = {16--84},
  institution = {UCLA}
}

@Article{PawEgo,
  author = {Pawlowsky-Glahn, V. and Egozcue, J. J.},
  title = {Geometric Approach to Statistical Analysis on the Simplex},
  journal = {Stochastic Environmental Research and Risk Assessment},
  year = {2001},
  volume = {15},
  number = {5},
  pages = {384--398}
}

@Article{Rousseeuw-van-Zomeren,
  author = {Rousseeuw, P. J. and van Zomeren, B. C.},
  title = {Unmasking Multivariate Outliers and Leverage Points},
  journal = {Journal of the American Statistical Association},
  year = {1990},
  volume = {85},
  pages = {633--651}
}

@Article{Rousseeuw99,
  author = {Rousseeuw, P. J. and van Driessen, K.},
  title = {A Fast Algorithm for the Minimum Covariance Determinant
  Estimator},
  journal = {Technometrics},
  year = {1999},
  volume = {41},
  pages = {212--223}
}

@TechReport{Tucker:1951,
  author = {L.R. Tucker},
  title = {A Method for Synthesis of Factor Analysis Studies.},
  year = {1951},
  type = {Personnel Research Section Report No. 984},
  institution = {Department of the Army, Washington, DC.}
}

@Article{Tucker:1966,
  author = {Tucker, L.R.},
  title = {Some Mathematical Notes on Three-mode Factor Analysis.},
  journal = {Psychometrica},
  year = {1966},
  volume = {31},
  number = {3},
  pages = {279--311}
}

@Article{acar:2009,
  author = {Acar, Evrim and Yener, Bï¿½lent},
  title = {Unsupervised Multiway Data Analysis: A Literature Survey.},
  journal = {IEEE Trans. Knowl. Data Eng.},
  year = {2009},
  volume = {21},
  number = {1},
  pages = {6--20}
}

@Manual{borchers-pracma:2021,
  author = {Hans W. Borchers},
  title = {\pkg{pracma}: Practical Numerical Math Functions},
  year = {2021},
  note = {\proglang{R}~Package Version~2.3.6},
  URL = {https://CRAN.R-project.org/package=pracma}
}

@Article{bro:1997,
  author = {Rasmus Bro},
  title = {{PARAFAC}. Tutorial and Applications},
  journal = {Chemometrics and Intelligent Laboratory Systems},
  year = {1997},
  volume = {38},
  pages = {149--171}
}

@Misc{bro:1998-2008,
  author = {R. Bro},
  title = {The N-way On-line Course on {PARAFAC} and {PLS}},
  year = {2008},
  note = {in press},
  URL = {http://www.models.life.ku.dk/courses; 1998-2002}
}

@Article{bro:2000,
  author = {Claus A. Andersson and Rasmus Bro},
  title = {The {N-way} Toolbox for \proglang{MATLAB}},
  journal = {Chemometrics and Intelligent Laboratory Systems},
  year = {2000},
  volume = {52},
  pages = {1--4}
}

@Article{cubatch:2005,
  author = {S. Gourvnec and G. Tomasi and C. Durvillec and E.D. Crescenzo and
  C. A. Saby and D. L. Massart and R. Bro and G. Oppenheim},
  title = {\pkg{CuBatch}, a \proglang{MATLAB} Interface for {N}-mode Data Analysis},
  journal = {Chemometrics and Intelligent Laboratory Systems},
  year = {2005},
  volume = {77},
  pages = {122--130}
}

@Article{dipalma:2018,
  author = {M. A. {Di Palma} and P. Filzmoser and M. Gallo and K. Hron},
  title = {A robust {Parafac} Model for Compositional Data},
  journal = {Journal of Applied Statistics},
  year = {2018},
  volume = {45},
  number = {8},
  pages = {1347--1369},
  publisher = {Taylor \& Francis}
}

@Article{egozcue2011elements,
  author = {Egozcue, J. J. and Barcel\'o-Vidal, C. and Mart\'in-Fern\'andez, J.
  A. and Jarauta-Bragulat, E. and D\'iaz-Barrero, J. L. and Mateu-Figueras,
  G.},
  title = {Elements of Simplicial Linear Algebra and Geometry},
  journal = {Compositional Data Analysis: Theory and Applications},
  year = {2011},
  pages = {141--157}}

@Article{elind,
  author = {L. D'Ambra},
  title = {Alcune Estensione dell'Analysi in Componenti Principali per lo
  Studio dei Sistemi Evolutivi. Uno Studio sul Commercio Internazionale
  dell'Elettronica.},
  journal = {Ricerche Economiche},
  year = {1985},
  volume = {34},
  pages = {233--260}
}

@Book{filzmoser-book:2018,
  author = {Peter Filzmoser and Karel Hron and Matthias Templ},
  title = {Applied Compositional Data Analysis: {W}ith Worked Examples in \proglang{R}},
  year = {2018},
  series = {Springer series in statistics},
  publisher = {Springer Verlag},
  address = {Cham, Switzerland}
}

@Article{gabriel,
  author = {K. R. Gabriel},
  title = {The Biplot Graphical Display of Matrices with Application to
  Principal Component Analysis},
  journal = {Biometrika},
  year = {1971},
  volume = {58},
  pages = {453--467}
}

@Article{gallo-buccianti:2013,
  author = {Michele Gallo and Antonella Buccianti},
  title = {Weighted Principal Component Analysis for Compositional Data:
  application example for the water chemistry of the Arno river (Tuscany,
  central Italy)},
  journal = {Environmetrics},
  year = {2013},
  volume = {24},
  number = {4},
  pages = {269--277}
}

@InCollection{gallo:2013,
  author = {Michele Gallo},
  title = {Log-ratio and Parallel Factor Analysis: {A}n Approach to Analyze
  Three-way Compositional Data},
  booktitle = {Advanced Dynamic Modeling of Economic and Social Systems.
  Studies in Computational Intelligence, vol 448},
  editor = {A. Prat},
  year = {2013},
  pages = {209--221},
  publisher = {Springer Verlag}
}

@Article{gallo:2015,
  author = {Michele Gallo},
  title = {Tucker3 Model for Compositional Data},
  journal = {Communications in Statistics-Theory and Methods},
  year = {2015},
  volume = {44},
  number = {21},
  pages = {4441--4453}
}

@Article{harshman1994parafac,
  author = {Harshman, Richard A and Lundy, Margaret E},
  title = {{PARAFAC}: Parallel Factor Analysis},
  journal = {Computational Statistics \& Data Analysis},
  year = {1994},
  volume = {18},
  number = {1},
  pages = {39--72},
  publisher = {Elsevier}
}

@Article{hubert-ROBPCA:2005,
  author = {M. Hubert and P.J. Rousseeuw and K. {Vanden Branden}},
  title = {{ROBPCA}: A New Approach to Robust Principal Component Analysis},
  journal = {Technometrics},
  year = {2005},
  volume = {47},
  pages = {64--79}
}

@Article{kiers1998orthomax,
  author = {Kiers, Henk AL},
  title = {Joint Orthomax Rotation of the Core and Component Matrices Resulting
  from Three-mode Principal Components Analysis},
  journal = {Journal of classification},
  year = {1998},
  volume = {15},
  number = {2},
  pages = {245--263},
  publisher = {Springer Verlag}
}

@Article{kiers2000some,
  author = {Kiers, Henk AL},
  title = {Some Procedures for Displaying Results from Three-way Methods},
  journal = {Journal of chemometrics},
  year = {2000},
  volume = {14},
  number = {3},
  pages = {151--170},
  publisher = {Wiley Online Library}
}

@Article{kiers2000towards,
  author = {Kiers, H.A.L.},
  title = {Towards a Standardized Notation and Terminology in Multiway
  Analysis},
  journal = {Journal of chemometrics},
  year = {2000},
  volume = {14},
  number = {3},
  pages = {105--122}
}

@Article{kojima:1975,
  author = {Hideo Kojima},
  title = {Inter-battery Factor Analysis of Parents' and Children's Reports of
  Parental Behavior},
  journal = {Japanese Psychological Research},
  year = {1975},
  volume = {17},
  pages = {33--48}
}

@InCollection{kroonenberg1980principal,
  author = {Pieter Marinus Kroonenberg},
  title = {{TUCKALS3. T}hree-mode Principal Component Analysis},
  booktitle = {Multiway'88. Software guide},
  editor = {{di Ciaccio}, A. and Bove, G.},
  year = {1988},
  pages = {105--114},
  publisher = {Dip. Statistica, Probabilità e Stat. Applicate, Università di
  Roma ``La Sapienza''},
  address = {Rome}
}

@Book{kroonenberg:2008,
  author = {Kroonenberg, Pieter M.},
  title = {Applied Multiway Data Analysis},
  year = {2008},
  series = {Wiley series in probability and statistics},
  publisher = {{John Wiley \& Sons}},
  address = {Hoboken, NJ}
}

@Article{kroonenberg:2009,
  author = {P. M. Kroonenberg and R. A. Harshman and T. Murakami},
  title = {Analysing Three-way Profile Data Using the {Parafac} and {Tucker3}
  Models Illustrated with Views on Parenting},
  journal = {Applied Multivariate Research},
  year = {2009},
  volume = {13},
  pages = {5--41},
  URL =
  {http://www.phaenex.uwindsor.ca/ojs/leddy/index.php/AMR/article/viewFile/2833/2271}
}

@Article{kroonenberg:2016,
  author = {P. M. Kroonenberg},
  title = {My Multiway Analysis: {F}rom {J}an de {L}eeuw to {TWP}ack and Back},
  journal = {Journal of Statistical Software},
  year = {2016},
  volume = {73},
  URL = {https://www.jstatsoft.org/article/view/v073i03}
}

@Book{lawson:nnls,
  author = {C. L. Lawson and R. J. Hanson},
  title = {Solving Least Squares Problems. Classics in Applied Mathematics},
  year = {1995},
  publisher = {SIAM},
  address = {Philadelphia}
}

@Article{leibovici:2010,
  author = {Didier G. Leibovici},
  title = {Spatio-Temporal Multiway Decompositions Using Principal Tensor
  Analysis on k-Modes: {T}he \proglang{R}~Package~\pkg{PTAk}},
  journal = {JSS},
  year = {2000},
  volume = {34},
  number = {10},
  pages = {1--34},
  URL = {http://www.jstatsoft.org/v34/i10/}
}

@Book{maronna:2006,
  author = {R. A. Maronna and D. Martin and V. Yohai},
  title = {Robust Statistics: Theory and Methods},
  year = {2006},
  publisher = {{John Wiley \& Sons}},
  address = {New York}
}

@Manual{mullen-nnls:2012,
  author = {Katharine M. Mullen and Ivo H. M. {van Stokkum}},
  title = {\pkg{nnls}: The Lawson-Hanson Algorithm for Non-negative Least Squares
  (NNLS)},
  year = {2012},
  note = {\proglang{R}~Package Version~1.4},
  URL = {https://CRAN.R-project.org/package=nnls}
}

@Manual{multiway:2016,
  author = {Nathaniel E. Helwig},
  title = {\pkg{multiway}: {C}omponent Models for Multi-Way Data},
  year = {2016},
  note = {\proglang{R}~Package Version~1.0-2},
  URL = {https://CRAN.R-project.org/package=multiway}
}

@Book{pawlowsky2015modeling,
  author = {V. Pawlowsky-Glahn and J. J. Egozcue and R. Tolosana-Delgado},
  title = {Modeling and Analysis of Compositional Data},
  year = {2015},
  publisher = {{John Wiley \& Sons}},
  address = {New York}
}

@Article{pawlowsky2015tools,
  author = {V. Pawlowsky-Glahn and J. J. Egozcue and D. Lovell},
  title = {Tools for Compositional Data with a Total},
  journal = {Statistical Modelling},
  year = {2015},
  volume = {2},
  number = {15},
  pages = {175--190}
}

@Article{pravdova2001robust,
  author = {Pravdova, V and Estienne, F and Walczak, B and Massart, DL},
  title = {A Robust Version of the Tucker3 Model},
  journal = {Chemometrics and Intelligent Laboratory Systems},
  year = {2001},
  volume = {59},
  number = {1},
  pages = {75--88},
  publisher = {Elsevier}
}

@Article{rTensor:2018,
  author = {James Li and Jacob Bien and Martin T. Wells},
  title = {{rTensor}: An \proglang{R}~Package for Multidimensional Array (Tensor)
  Unfolding, Multiplication, and Decomposition},
  journal = {Journal of Statistical Software},
  year = {2018},
  volume = {87},
  number = {10},
  pages = {1--31}
}

@Manual{robustbase,
  author = {Peter J. Rousseeuw and Christophe Croux and Valentin Todorov and
  Andreas Ruckstuhl and Matias Salibian-Barrera and Tobias Verbeke and Martin
  Maechler},
  title = {\pkg{robustbase}: {B}asic Robust Statistics},
  year = {2012},
  note = {\proglang{R}~Package Version~0.9-3},
  URL = {http://CRAN.R-project.org/package=robustbase}
}

@InCollection{sempe:1987,
  author = {M. Semp\'{e}},
  title = {Multivariate and Longitudinal Data on Growing Children: Presentation
  of the French Auxiological Survey},
  booktitle = {Data analysis. The Ins and Outs of solving real problems},
  editor = {J. Jansen and F. Marcotorchino and J. M. Proth},
  year = {1987},
  pages = {3--6},
  publisher = {Plenum Press},
  address = {New York}
}

@Book{smilde:2004,
  author = {Smilde, Age and Bro, Rasmus and Geladi, Paul},
  title = {Multi-way Analysis with Applications in the Chemical Sciences},
  year = {2004},
  publisher = {{John Wiley \& Sons}},
  address = {Chichester, Hoboken (N.J.)},
  URL = {http://opac.inria.fr/record=b1101787}
}

@Article{threeway:2014,
  author = {Paolo Giordani and Henk A.L. Kiers and Maria Antonietta {Del
  Ferraro}},
  title = {Three-way Component Analysis Using the \proglang{R}~Package~\pkg{ThreeWay}.},
  journal = {JSS},
  year = {2014},
  volume = {57},
  number = {7},
  pages = {1--23},
  URL = {http://www.jstatsoft.org/v57/i07/}
}

@Article{todorov-oof,
  author = {Valentin Todorov and Peter Filzmoser},
  title = {An Object Oriented Framework for Robust Multivariate Analysis},
  journal = {Journal of Statistical Software},
  year = {2009},
  volume = {32},
  number = {3},
  pages = {1--47},
  URL = {http://www.jstatsoft.org/v32/i03/}
}

@InProceedings{todorov:tucker3,
  author = {Valentin Todorov and Maria Ana {Di Palma} and Michele Gallo},
  title = {A Robust Tucker3 Model for Compositional Data},
  booktitle = {ICORS14: International Conference on Robust Statistics,
  Conference Guide and Book of Abstracts},
  year = {2014},
  pages = {19},
  publisher = {Martin-Luther-University Halle-Wittenberg},
  address = {Halle (Saale), Germany}
}

@Article{verboven-libra:2010,
  author = {Sabibe Verboven and Mia Hubert},
  title = {\proglang{MATLAB} Library \pkg{LIBRA}},
  journal = {Wiley Interdisciplinary Reviews: Computational Statistics},
  year = {2010},
  volume = {2},
  pages = {509--515}
}
